<?xml version="1.0" encoding="UTF-8"?><record xmlns="http://www.loc.gov/MARC21/slim" xmlns:cinclude="http://apache.org/cocoon/include/1.0" xmlns:zs="http://www.loc.gov/zing/srw/">
  <leader>00726nz  a2200157n  4500</leader>
  <controlfield tag="001">nb2010005987</controlfield>
  <controlfield tag="003">DLC</controlfield>
  <controlfield tag="005">20100306075128.0</controlfield>
  <controlfield tag="008">100304n| acannaabn          |a ana      </controlfield>
  <datafield tag="010" ind1=" " ind2=" ">
    <subfield code="a">nb2010005987</subfield>
  </datafield>
  <datafield tag="035" ind1=" " ind2=" ">
    <subfield code="a">(Uk)007726579</subfield>
  </datafield>
  <datafield tag="040" ind1=" " ind2=" ">
    <subfield code="a">Uk</subfield>
    <subfield code="b">eng</subfield>
    <subfield code="c">Uk</subfield>
  </datafield>
  <datafield tag="110" ind1="2" ind2=" ">
    <subfield code="a">Réseau de chercheurs "Littératures d'enfance"</subfield>
  </datafield>
  <datafield tag="410" ind1="2" ind2=" ">
    <subfield code="a">Agence universitaire de la francophonie.</subfield>
    <subfield code="b">Réseau de chercheurs "Littératures d'enfance"</subfield>
  </datafield>
  <datafield tag="410" ind1="2" ind2=" ">
    <subfield code="a">Réseau "Littératures d'enfance"</subfield>
  </datafield>
  <datafield tag="670" ind1=" " ind2=" ">
    <subfield code="a">Nationalités, mondialisation et littératures d'enfance et de jeunesse, c2007:</subfield>
    <subfield code="b">t.p. (Réseau de chercheurs "Littératures d'enfance") p. [13] (Réseau "Littératures d'enfance", Agence universitaire de la francophonie; established in 2003)</subfield>
  </datafield>
</record>